@article{von2002telling,
  title={Telling humans and computers apart automatically or how lazy cryptographers do AI},
  author={von Ahn, Louis and Blum, Manuel and Langford, John},
  journal={Computer Science Department},
  pages={149},
  year={2002}
}
@inproceedings{von2003captcha,
  title={CAPTCHA: Using hard AI problems for security},
  author={Von Ahn, Luis and Blum, Manuel and Hopper, Nicholas J and Langford, John},
  booktitle={International Conference on the Theory and Applications of Cryptographic Techniques},
  pages={294--311},
  year={2003},
  organization={Springer}
}
@article{breiman2001random,
  title={Random forests},
  author={Breiman, Leo},
  journal={Machine learning},
  volume={45},
  number={1},
  pages={5--32},
  year={2001},
  publisher={Springer}
}
@inproceedings{mori2003recognizing,
  title={Recognizing objects in adversarial clutter: Breaking a visual CAPTCHA},
  author={Mori, Greg and Malik, Jitendra},
  booktitle={Computer Vision and Pattern Recognition, 2003. Proceedings. 2003 IEEE Computer Society Conference on},
  volume={1},
  pages={I--I},
  year={2003},
  organization={IEEE}
}
@inproceedings{yan2008low,
  title={A Low-cost Attack on a Microsoft CAPTCHA},
  author={Yan, Jeff and El Ahmad, Ahmad Salah},
  booktitle={Proceedings of the 15th ACM conference on Computer and communications security},
  pages={543--554},
  year={2008},
  organization={ACM}
}
@inproceedings{yan2008usability,
  title={Usability of CAPTCHAs or usability issues in CAPTCHA design},
  author={Yan, Jeff and El Ahmad, Ahmad Salah},
  booktitle={Proceedings of the 4th symposium on Usable privacy and security},
  pages={44--52},
  year={2008},
  organization={ACM}
}
@inproceedings{golle2008machine,
  title={Machine learning attacks against the Asirra CAPTCHA},
  author={Golle, Philippe},
  booktitle={Proceedings of the 15th ACM conference on Computer and communications security},
  pages={535--542},
  year={2008},
  organization={ACM}
}
@inproceedings{motoyama2010re,
  title={Re: CAPTCHAs-Understanding CAPTCHA-Solving Services in an Economic Context.},
  author={Motoyama, Marti and Levchenko, Kirill and Kanich, Chris and McCoy, Damon and Voelker, Geoffrey M and Savage, Stefan},
  booktitle={USENIX Security Symposium},
  volume={10},
  pages={3},
  year={2010}
}
@inproceedings{bursztein2011text,
  title={Text-based CAPTCHA strengths and weaknesses},
  author={Bursztein, Elie and Martin, Matthieu and Mitchell, John},
  booktitle={Proceedings of the 18th ACM conference on Computer and communications security},
  pages={125--138},
  year={2011},
  organization={ACM}
}
@inproceedings{bursztein2014end,
  title={The End is Nigh: Generic Solving of Text-based CAPTCHAs.},
  author={Bursztein, Elie and Aigrain, Jonathan and Moscicki, Angelika and Mitchell, John C},
  booktitle={WOOT},
  year={2014}
}
@article{zhang2016understanding,
  title={Understanding deep learning requires rethinking generalization},
  author={Zhang, Chiyuan and Bengio, Samy and Hardt, Moritz and Recht, Benjamin and Vinyals, Oriol},
  journal={arXiv preprint arXiv:1611.03530},
  year={2016}
}
@article{lecun1989backpropagation,
  title={Backpropagation applied to handwritten zip code recognition},
  author={LeCun, Yann and Boser, Bernhard and Denker, John S and Henderson, Donnie and Howard, Richard E and Hubbard, Wayne and Jackel, Lawrence D},
  journal={Neural computation},
  volume={1},
  number={4},
  pages={541--551},
  year={1989},
  publisher={MIT Press}
}
@article{george2017generative,
  title={A generative vision model that trains with high data efficiency and breaks text-based CAPTCHAs},
  author={George, Dileep and Lehrach, Wolfgang and Kansky, Ken and L{\'a}zaro-Gredilla, Miguel and Laan, Christopher and Marthi, Bhaskara and Lou, Xinghua and Meng, Zhaoshi and Liu, Yi and Wang, Huayan and others},
  journal={Science},
  volume={358},
  number={6368},
  pages={eaag2612},
  year={2017},
  publisher={American Association for the Advancement of Science}
}
@inproceedings{abadi2016tensorflow,
  title={Tensorflow: a system for large-scale machine learning.},
  author={Abadi, Mart{\'\i}n and Barham, Paul and Chen, Jianmin and Chen, Zhifeng and Davis, Andy and Dean, Jeffrey and Devin, Matthieu and Ghemawat, Sanjay and Irving, Geoffrey and Isard, Michael and others},
  booktitle={OSDI},
  volume={16},
  pages={265--283},
  year={2016}
}
@article{gray2006toeplitz,
  title={Toeplitz and circulant matrices: a review},
  author={Robert M. Gray},
  journal={Foundations and Trends in Communications and Information Theory},
  volume={2},
  number={3},
  pages={155--239},
  year={2006}
}
@article{lecun2015lenet,
  title={LeNet-5, convolutional neural networks},
  author={LeCun, Yann and others},
  journal={URL: http://yann. lecun. com/exdb/lenet},
  pages={20},
  year={2015}
}
@book{sutton1998introduction,
  title={Introduction to reinforcement learning},
  author={Sutton, Richard S and Barto, Andrew G},
  volume={135},
  year={1998},
  publisher={MIT press Cambridge}
}
@article{goodfellow2013multi,
  title={Multi-digit number recognition from street view imagery using deep convolutional neural networks},
  author={Goodfellow, Ian J and Bulatov, Yaroslav and Ibarz, Julian and Arnoud, Sacha and Shet, Vinay},
  journal={arXiv preprint arXiv:1312.6082},
  year={2013}
}
